<?xml version="1.0" encoding="UTF-8"?>
<record xmlns="http://www.loc.gov/MARC21/slim" xmlns:xsi="http://www.w3.org/2001/XMLSchema-instance" xsi:schemaLocation="http://www.loc.gov/MARC21/slim http://www.loc.gov/standards/marcxml/schema/MARC21slim.xsd">
<leader>     cam a2200265 a 4500</leader>
<controlfield tag="001">002108941</controlfield>
<controlfield tag="003">NNU</controlfield>
<controlfield tag="005">20061010172049.0</controlfield>
<controlfield tag="008">870508q19801989ir            000 0 ara d</controlfield>
<datafield tag="035" ind1="9" ind2=" ">
<subfield code="a">NYUb11066269</subfield>
</datafield>
<datafield tag="035" ind1=" " ind2=" ">
<subfield code="a">(CStRLIN)NYUG87-B15206</subfield>
</datafield>
<datafield tag="040" ind1=" " ind2=" ">
<subfield code="a">NJP</subfield>
<subfield code="c">NJP</subfield>
<subfield code="d">NN</subfield>
<subfield code="d">NNU</subfield>
</datafield>
<datafield tag="066" ind1=" " ind2=" ">
<subfield code="c">(3</subfield>
</datafield>
<datafield tag="090" ind1=" " ind2=" ">
<subfield code="a">PJ6121</subfield>
<subfield code="b">.S35 1980z</subfield>
</datafield>
<datafield tag="100" ind1="1" ind2=" ">
<subfield code="a">Sujāʻī, Aḥmad ibn Aḥmad,</subfield>
<subfield code="d">d. 1783?</subfield>
<subfield code="6">880-01</subfield>
</datafield>
<datafield tag="245" ind1="1" ind2="0">
<subfield code="6">880-02</subfield>
<subfield code="a">Ḥāshiyah ʻala ́sharḥ Jamāl al-Dīn Abī Muḥammad ʻAbd Allāh ibn Yūsuf ibn Hishām al-Anṣārī /</subfield>
<subfield code="c">Aḥmad ibn Aḥmad al-Sajjʻ̄aī ; li-muqaddimatihi, Qaṭr al-nada ́wa-ball al-ṣada ́; wa-bi-al-hāmish, al-sharḥ al-madhkūr maʻa baʻḍ taqrirāt ʻala ́al-Ḥāshiyah li-Shams al-Dīn Muḥammad al-Anbābī.</subfield>
</datafield>
<datafield tag="250" ind1=" " ind2=" ">
<subfield code="6">880-03</subfield>
<subfield code="a">al-Ṭabʻah al-akhirah.</subfield>
</datafield>
<datafield tag="260" ind1=" " ind2=" ">
<subfield code="6">880-04</subfield>
<subfield code="a">Qum, Iran ;</subfield>
<subfield code="b">al-Rāḍī,</subfield>
<subfield code="c">[198-]</subfield>
</datafield>
<datafield tag="300" ind1=" " ind2=" ">
<subfield code="a">132 p. ;</subfield>
<subfield code="c">23 cm.</subfield>
</datafield>
<datafield tag="534" ind1=" " ind2=" ">
<subfield code="p">Reprint. Originally published :</subfield>
<subfield code="c">al-Qāhirah: Maṭbaʻat Muṣṭafá al-Bābī, 1939.</subfield>
</datafield>
<datafield tag="650" ind1=" " ind2="0">
<subfield code="a">Arabic language</subfield>
<subfield code="x">Phonology.</subfield>
</datafield>
<datafield tag="880" ind1="0" ind2=" ">
<subfield code="6">100-01/</subfield>
<subfield code="a">أحمد بن أحمد السجاعي.</subfield>
</datafield>
<datafield tag="880" ind1="1" ind2="0">
<subfield code="6">245-02/</subfield>
<subfield code="a">حاشية على شرح جمال الدين أبى محمد عبد الله بن يوسف بن هشام الأنصاري /</subfield>
<subfield code="c">أحمد بن أحمد السجاعي ؛ لمقدمته، قطر الندى وبل الصدى ؛ وبالهامش، الشرح المذكور مع بعض تقريرات على الحاشية لشمس الدين محمد الانبابي.</subfield>
</datafield>
<datafield tag="880" ind1=" " ind2=" ">
<subfield code="6">250-03/</subfield>
<subfield code="a">الطبعة الأخيرة.</subfield>
</datafield>
<datafield tag="880" ind1=" " ind2=" ">
<subfield code="6">260-04/</subfield>
<subfield code="a">قم، ايران ؛</subfield>
<subfield code="b">الراضى،</subfield>
<subfield code="c">[198-]</subfield>
</datafield>
<datafield tag="OWN" ind1=" " ind2=" ">
<subfield code="a">GENERAL</subfield>
</datafield>
<datafield tag="998" ind1=" " ind2=" ">
<subfield code="a">19931117</subfield>
<subfield code="d">19870508</subfield>
<subfield code="d">20010317</subfield>
<subfield code="n">NNU</subfield>
<subfield code="s">1</subfield>
<subfield code="t">c</subfield>
<subfield code="z">p</subfield>
</datafield>
<datafield tag="AVA" ind1=" " ind2=" ">
<subfield code="a">NYU50</subfield>
<subfield code="b">BOBST</subfield>
<subfield code="c">Main Collection</subfield>
<subfield code="d">PJ6121 .S35 1980z</subfield>
<subfield code="e">unavailable</subfield>
<subfield code="t">Unavailable</subfield>
<subfield code="f">1</subfield>
<subfield code="g">1</subfield>
<subfield code="h">N</subfield>
<subfield code="i">0</subfield>
<subfield code="j">MAIN</subfield>
</datafield>
</record>
